@unpublished{moorePressRelease2023,
	title = {Press Release: Coconut Rhinoceros Beetle Damage Maps},
	author = {Moore, Aubrey},
	year = {2023-04-23},
	url = {https://github.com/aubreymoore/Guam-CRB-web-maps/blob/main/press-release-roadside.pdf},
}

@unpublished{mooreOverviewInvasiveSpecies2022-10-06,
	title = {Overview of {{Invasive Species Issues}} on {{Guam}}},
	author = {Moore, Aubrey},
	year = {2022-10-06},
	url = {https://github.com/aubreymoore/PESC-OIA-overview/blob/main/guam-overview.pdf},
	eventtitle = {Pacific {{Ecological Security Conference}}},
	venue = {{Koror, Palau}}
}


@online{anonymousFirstPacificEcological2022,
	title = {First {{Pacific Ecological Security Conference}}, {{Palau}}, {{October}} 3-5, 2022},
	author = {{Anonymous}},
	date = {2022},
	url = {https://www.pacificrisa.org/pesc/},
	urldate = {2023-05-10},
	abstract = {Welcome to the First Pacific Ecological Security Conference Ngarachamayong Cultural Center Koror, Palau 3-5 October, 2022 This October, the Government of Palau and partners hosted the first Pacificâ€¦},
	langid = {american},
	organization = {{Pacific RISA - Managing Climate Risk in the Pacific}},
	file = {/home/aubrey/snap/zotero-snap/common/Zotero/storage/QG9VH98F/pesc.html}
}

@report{conferenceStrategicActionPlan2022,
	title = {Strategic {{Action Plan}} for {{Coconut Rhinoceros Beetle}}},
	author = {Conference, Pacific Ecological Security},
	date = {2022-11-08},
	institution = {{Zenodo}},
	location = {{Koror, Palau}},
	doi = {10.5281/zenodo.7683206},
	url = {https://zenodo.org/record/7683206},
	urldate = {2023-05-10},
	abstract = {The Strategic Action Plan for Coconut Rhinoceros Beetle~is a Working Paper produced by members of the Coconut Rhinoceros Beetle~Working Group at the 2022 Pacific Ecological Security Conference, held in Palau.},
	keywords = {Coconut rhinoceros beetle,Invasive species,Pacific Islands},
	file = {/home/aubrey/snap/zotero-snap/common/Zotero/storage/WFDCLL93/Conference - 2022 - Strategic Action Plan for Coconut Rhinoceros Beetl.pdf}
}


@online{moore2023,
	title = {iNaturalist observation: \textit{Aleurotrachelus woglumi}},
	author = {Moore, Aubrey},
	date = {2023-03-22},
	url = {https://www.inaturalist.org/observations/151875058},
	urldate = {2023-05-03},
}

